@article{Powell2012,
	Address = {Washington, {D.C.}},
	Author = {Powell, Kendall},
	Date-Added = {2013-10-26 00:52:00 +0200},
	Date-Modified = {2015-04-14 14:22:43 +0000},
	Doi = {http://dx.doi.org/10.1126/science.opms.science.opms.r1200121},
	Journal = {Science Career Magazine},
	Keywords = {postdoctoral research, postdoctoral researchers},
	Month = {August 24},
	Pages = {992,994,996},
	Publisher = {American Association for the Advancement of Science},
	Title = {The Postdoc Experience: High Expectations, Grounded in Reality},
	Url = {http://dx.doi.org/10.1126/science.opms.science.opms.r1200121},
	Year = {2012},
	Bdsk-File-1 = {YnBsaXN0MDDUAQIDBAUGJCVYJHZlcnNpb25YJG9iamVjdHNZJGFyY2hpdmVyVCR0b3ASAAGGoKgHCBMUFRYaIVUkbnVsbNMJCgsMDxJXTlMua2V5c1pOUy5vYmplY3RzViRjbGFzc6INDoACgAOiEBGABIAFgAdccmVsYXRpdmVQYXRoWWFsaWFzRGF0YV8QSy4uL3JlZmVyZW5jZXMvUG93ZWxsL1RoZSBQb3N0ZG9jIEV4cGVyaWVuY2UgSGlnaCBFeHBlY3RhdGlvbnMsIEdyb3VuZGVkLnBkZtIXCxgZV05TLmRhdGFPEQJIAAAAAAJIAAIAAAxNYWNpbnRvc2ggSEQAAAAAAAAAAAAAAAAAAADRPzWKSCsAAAAU3vUfVGhlIFBvc3Rkb2MgRXhwZXJpZW4jMTRERUY3LnBkZgAAAAAAAAAAAAAAAAAAAAAAAAAAAAAAAAAAAAAAAAAAABTe986Sj5cAAAAAAAAAAAABAAMAAAkgAAAAAAAAAAAAAAAAAAAABlBvd2VsbAAQAAgAANE/e9oAAAARAAgAAM6S1ecAAAABABgAFN71ABTMQgAUy+MAEDvzABA7bgAQO2kAAgBkTWFjaW50b3NoIEhEOlVzZXJzOgB6aGl5YW5nOgBEb2N1bWVudHM6AHJpY2VyY2E6AHJlZmVyZW5jZXM6AFBvd2VsbDoAVGhlIFBvc3Rkb2MgRXhwZXJpZW4jMTRERUY3LnBkZgAOAG4ANgBUAGgAZQAgAFAAbwBzAHQAZABvAGMAIABFAHgAcABlAHIAaQBlAG4AYwBlACAASABpAGcAaAAgAEUAeABwAGUAYwB0AGEAdABpAG8AbgBzACwAIABHAHIAbwB1AG4AZABlAGQALgBwAGQAZgAPABoADABNAGEAYwBpAG4AdABvAHMAaAAgAEgARAASAGhVc2Vycy96aGl5YW5nL0RvY3VtZW50cy9yaWNlcmNhL3JlZmVyZW5jZXMvUG93ZWxsL1RoZSBQb3N0ZG9jIEV4cGVyaWVuY2UgSGlnaCBFeHBlY3RhdGlvbnMsIEdyb3VuZGVkLnBkZgATAAEvAAAVAAIADv//AACABtIbHB0eWiRjbGFzc25hbWVYJGNsYXNzZXNdTlNNdXRhYmxlRGF0YaMdHyBWTlNEYXRhWE5TT2JqZWN00hscIiNcTlNEaWN0aW9uYXJ5oiIgXxAPTlNLZXllZEFyY2hpdmVy0SYnVHJvb3SAAQAIABEAGgAjAC0AMgA3AEAARgBNAFUAYABnAGoAbABuAHEAcwB1AHcAhACOANwA4QDpAzUDNwM8A0cDUANeA2IDaQNyA3cDhAOHA5kDnAOhAAAAAAAAAgEAAAAAAAAAKAAAAAAAAAAAAAAAAAAAA6M=},
	Bdsk-Url-1 = {http://sciencecareers.sciencemag.org/sites/default/files/printed_publications/science1200121.pdf},
	Bdsk-Url-2 = {http://dx.doi.org/10.1126/science.opms.science.opms.r1200121}}





@incollection{Haftka1992,
	Address = {Norwell, {MA}},
	Author = {Haftka, Raphael T. and G{\"{u}}rdal, Zafer},
	Booktitle = {Elements of Structural Optimization},
	Chapter = {3},
	Date-Added = {2013-05-16 04:33:00 +0200},
	Date-Modified = {2015-04-14 14:22:44 +0000},
	Doi = {http://dx.doi.org/10.1007/978-94-011-2550-5_3},
	Edition = {Third},
	Howpublished = {Available online at: \url{http://www2.mae.ufl.edu/haftka/stropt/reference1/chapt3.pdf}; October 11, 2013 was the last accessed date},
	Keywords = {linear programming},
	Pages = {71--114},
	Publisher = {Kluwer Academic Publishers},
	Series = {Solid Mechanics And Its Applications},
	Title = {Linear Programming},
	Url = {http://dx.doi.org/10.1007/978-94-011-2550-5_3},
	Volume = {11},
	Year = {1992},
	Bdsk-Url-1 = {http://www2.mae.ufl.edu/haftka/stropt/reference1/chapt3.pdf},
	Bdsk-Url-2 = {http://dx.doi.org/10.1007/978-94-011-2550-5_3}}

@misc{Somenzi2003,
	Address = {Boulder, {CO}},
	Author = {Somenzi, Fabio},
	Date-Added = {2013-05-16 02:45:00 +0200},
	Date-Modified = {2015-04-14 14:22:45 +0000},
	Doi = {http://dx.doi.org/10.1109/ICCAD.2003.144},
	Howpublished = {Available online at: \url{http://www.cs.columbia.edu/~sedwards/presentations/iccad2003-somenzi.pdf}; September 1, 2013 was the last accessed date},
	Keywords = {debugging, debug effort, debugger, debugging challenges, debugging process, debugging techniques, debugging tools, profiling tools, software profiling, software tuning, program tuning by compiler, performance tuning},
	Month = {November 9},
	School = {University of Colorado at Boulder},
	Title = {Debugging and Tuning},
	Url = {http://www.cs.columbia.edu/~sedwards/presentations/iccad2003-somenzi.pdf},
	Year = {2003},
	Bdsk-File-1 = {YnBsaXN0MDDUAQIDBAUGJCVYJHZlcnNpb25YJG9iamVjdHNZJGFyY2hpdmVyVCR0b3ASAAGGoKgHCBMUFRYaIVUkbnVsbNMJCgsMDxJXTlMua2V5c1pOUy5vYmplY3RzViRjbGFzc6INDoACgAOiEBGABIAFgAdccmVsYXRpdmVQYXRoWWFsaWFzRGF0YV8QLi4uL3JlZmVyZW5jZXMvU29tZW56aS9EZWJ1Z2dpbmcgYW5kIFR1bmluZy5wZGbSFwsYGVdOUy5kYXRhTxEB7AAAAAAB7AACAAAMTWFjaW50b3NoIEhEAAAAAAAAAAAAAAAAAAAA0T81ikgrAAAAFOIuGERlYnVnZ2luZyBhbmQgVHVuaW5nLnBkZgAAAAAAAAAAAAAAAAAAAAAAAAAAAAAAAAAAAAAAAAAAAAAAAAAAAAAU4i/OWdLyAAAAAAAAAAAAAQADAAAJIAAAAAAAAAAAAAAAAAAAAAdTb21lbnppAAAQAAgAANE/e9oAAAARAAgAAM5aGUIAAAABABgAFOIuABTMQgAUy+MAEDvzABA7bgAQO2kAAgBeTWFjaW50b3NoIEhEOlVzZXJzOgB6aGl5YW5nOgBEb2N1bWVudHM6AHJpY2VyY2E6AHJlZmVyZW5jZXM6AFNvbWVuemk6AERlYnVnZ2luZyBhbmQgVHVuaW5nLnBkZgAOADIAGABEAGUAYgB1AGcAZwBpAG4AZwAgAGEAbgBkACAAVAB1AG4AaQBuAGcALgBwAGQAZgAPABoADABNAGEAYwBpAG4AdABvAHMAaAAgAEgARAASAEtVc2Vycy96aGl5YW5nL0RvY3VtZW50cy9yaWNlcmNhL3JlZmVyZW5jZXMvU29tZW56aS9EZWJ1Z2dpbmcgYW5kIFR1bmluZy5wZGYAABMAAS8AABUAAgAO//8AAIAG0hscHR5aJGNsYXNzbmFtZVgkY2xhc3Nlc11OU011dGFibGVEYXRhox0fIFZOU0RhdGFYTlNPYmplY3TSGxwiI1xOU0RpY3Rpb25hcnmiIiBfEA9OU0tleWVkQXJjaGl2ZXLRJidUcm9vdIABAAgAEQAaACMALQAyADcAQABGAE0AVQBgAGcAagBsAG4AcQBzAHUAdwCEAI4AvwDEAMwCvAK+AsMCzgLXAuUC6QLwAvkC/gMLAw4DIAMjAygAAAAAAAACAQAAAAAAAAAoAAAAAAAAAAAAAAAAAAADKg==},
	Bdsk-Url-1 = {http://www.cs.columbia.edu/~sedwards/presentations/iccad2003-somenzi.pdf},
	Bdsk-Url-2 = {http://dx.doi.org/10.1109/ICCAD.2003.144}}


@phdthesis{Corti2005,
	Address = {Zurich, Switzerland},
	Author = {Corti, Matteo},
	Date-Added = {2013-05-16 01:58:00 +0200},
	Date-Modified = {2015-04-14 14:22:45 +0000},
	Doi = {http://dx.doi.org/10.3929/ethz-a-004937456},
	Howpublished = {Available online at: \url{http://dx.doi.org/10.3929/ethz-a-004937456} and \url{http://matteocorti.ch/publications/eth_15927_slides.pdf}; July 12, 2013 was the last accessed date},
	Keywords = {worst-case execution time, worst-case execution time estimation, WCET, WCET estimation, real-time software, soundness, real-time systems, RTS, timing constraints, real-time scheduling, real-time schedulers, soft real-time systems, hard real-time systems, multimedia systems, static analysis (software), semantic analysis, semantic analyzers, abstract interpretation, ahead-of-time bytecode-to-native Java compiler, compilers, loop bounding, local induction variable analysis, structural analysis of software, fine-grained per-block blocks, method calls, variable type-based analysis, call graph, non-constant instruction duration, pipelining, branch prediction, caches, locality, principle of locality, locality in programs, Big-O notation, asymptotic notation, kernels},
	Note = {Number 15927},
	School = {Swiss Federal Institute of Technology Z{\"{u}}rich},
	Title = {Approximating the Worst-Case Execution Time of Soft Real-Time Applications},
	Url = {http://dx.doi.org/10.3929/ethz-a-004937456},
	Year = {2005},
	Annote = {Also, avaliable at: http://matteocorti.ch/publications/eth_15927.pdf},
	Bdsk-File-1 = {YnBsaXN0MDDUAQIDBAUGJCVYJHZlcnNpb25YJG9iamVjdHNZJGFyY2hpdmVyVCR0b3ASAAGGoKgHCBMUFRYaIVUkbnVsbNMJCgsMDxJXTlMua2V5c1pOUy5vYmplY3RzViRjbGFzc6INDoACgAOiEBGABIAFgAdccmVsYXRpdmVQYXRoWWFsaWFzRGF0YV8QSy4uL3JlZmVyZW5jZXMvQ29ydGkvQXBwcm94aW1hdGluZyB0aGUgV29yc3QtQ2FzZSBFeGVjdXRpb24gVGltZSBvZiBTb2Z0LnBkZtIXCxgZV05TLmRhdGFPEQJKAAAAAAJKAAIAAAxNYWNpbnRvc2ggSEQAAAAAAAAAAAAAAAAAAADRPzWKSCsAAAAU0WYfQXBwcm94aW1hdGluZyB0aGUgV28jMTREMTY3LnBkZgAAAAAAAAAAAAAAAAAAAAAAAAAAAAAAAAAAAAAAAAAAABTRZ84FRcoAAAAAAAAAAAABAAMAAAkgAAAAAAAAAAAAAAAAAAAABUNvcnRpAAAQAAgAANE/e9oAAAARAAgAAM4FjBoAAAABABgAFNFmABTMQgAUy+MAEDvzABA7bgAQO2kAAgBjTWFjaW50b3NoIEhEOlVzZXJzOgB6aGl5YW5nOgBEb2N1bWVudHM6AHJpY2VyY2E6AHJlZmVyZW5jZXM6AENvcnRpOgBBcHByb3hpbWF0aW5nIHRoZSBXbyMxNEQxNjcucGRmAAAOAHAANwBBAHAAcAByAG8AeABpAG0AYQB0AGkAbgBnACAAdABoAGUAIABXAG8AcgBzAHQALQBDAGEAcwBlACAARQB4AGUAYwB1AHQAaQBvAG4AIABUAGkAbQBlACAAbwBmACAAUwBvAGYAdAAuAHAAZABmAA8AGgAMAE0AYQBjAGkAbgB0AG8AcwBoACAASABEABIAaFVzZXJzL3poaXlhbmcvRG9jdW1lbnRzL3JpY2VyY2EvcmVmZXJlbmNlcy9Db3J0aS9BcHByb3hpbWF0aW5nIHRoZSBXb3JzdC1DYXNlIEV4ZWN1dGlvbiBUaW1lIG9mIFNvZnQucGRmABMAAS8AABUAAgAO//8AAIAG0hscHR5aJGNsYXNzbmFtZVgkY2xhc3Nlc11OU011dGFibGVEYXRhox0fIFZOU0RhdGFYTlNPYmplY3TSGxwiI1xOU0RpY3Rpb25hcnmiIiBfEA9OU0tleWVkQXJjaGl2ZXLRJidUcm9vdIABAAgAEQAaACMALQAyADcAQABGAE0AVQBgAGcAagBsAG4AcQBzAHUAdwCEAI4A3ADhAOkDNwM5Az4DSQNSA2ADZANrA3QDeQOGA4kDmwOeA6MAAAAAAAACAQAAAAAAAAAoAAAAAAAAAAAAAAAAAAADpQ==},
	Bdsk-File-2 = {YnBsaXN0MDDUAQIDBAUGJCVYJHZlcnNpb25YJG9iamVjdHNZJGFyY2hpdmVyVCR0b3ASAAGGoKgHCBMUFRYaIVUkbnVsbNMJCgsMDxJXTlMua2V5c1pOUy5vYmplY3RzViRjbGFzc6INDoACgAOiEBGABIAFgAdccmVsYXRpdmVQYXRoWWFsaWFzRGF0YV8QTC4uL3JlZmVyZW5jZXMvQ29ydGkvQXBwcm94aW1hdGluZyB0aGUgV29yc3QtQ2FzZSBFeGVjdXRpb24gVGltZSBvZiBTb2Z0MC5wZGbSFwsYGVdOUy5kYXRhTxECTgAAAAACTgACAAAMTWFjaW50b3NoIEhEAAAAAAAAAAAAAAAAAAAA0T81ikgrAAAAFNFmH0FwcHJveGltYXRpbmcgdGhlIFdvIzE0RDE2OC5wZGYAAAAAAAAAAAAAAAAAAAAAAAAAAAAAAAAAAAAAAAAAAAAU0WjOBUZYAAAAAAAAAAAAAQADAAAJIAAAAAAAAAAAAAAAAAAAAAVDb3J0aQAAEAAIAADRP3vaAAAAEQAIAADOBYyoAAAAAQAYABTRZgAUzEIAFMvjABA78wAQO24AEDtpAAIAY01hY2ludG9zaCBIRDpVc2VyczoAemhpeWFuZzoARG9jdW1lbnRzOgByaWNlcmNhOgByZWZlcmVuY2VzOgBDb3J0aToAQXBwcm94aW1hdGluZyB0aGUgV28jMTREMTY4LnBkZgAADgByADgAQQBwAHAAcgBvAHgAaQBtAGEAdABpAG4AZwAgAHQAaABlACAAVwBvAHIAcwB0AC0AQwBhAHMAZQAgAEUAeABlAGMAdQB0AGkAbwBuACAAVABpAG0AZQAgAG8AZgAgAFMAbwBmAHQAMAAuAHAAZABmAA8AGgAMAE0AYQBjAGkAbgB0AG8AcwBoACAASABEABIAaVVzZXJzL3poaXlhbmcvRG9jdW1lbnRzL3JpY2VyY2EvcmVmZXJlbmNlcy9Db3J0aS9BcHByb3hpbWF0aW5nIHRoZSBXb3JzdC1DYXNlIEV4ZWN1dGlvbiBUaW1lIG9mIFNvZnQwLnBkZgAAEwABLwAAFQACAA7//wAAgAbSGxwdHlokY2xhc3NuYW1lWCRjbGFzc2VzXU5TTXV0YWJsZURhdGGjHR8gVk5TRGF0YVhOU09iamVjdNIbHCIjXE5TRGljdGlvbmFyeaIiIF8QD05TS2V5ZWRBcmNoaXZlctEmJ1Ryb290gAEACAARABoAIwAtADIANwBAAEYATQBVAGAAZwBqAGwAbgBxAHMAdQB3AIQAjgDdAOIA6gM8Az4DQwNOA1cDZQNpA3ADeQN+A4sDjgOgA6MDqAAAAAAAAAIBAAAAAAAAACgAAAAAAAAAAAAAAAAAAAOq},
	Bdsk-Url-1 = {http://e-collection.library.ethz.ch/view/eth:27759},
	Bdsk-Url-2 = {http://dx.doi.org/10.3929/ethz-a-004937456}}



@book{McGeoch2012,
	Address = {New York, {NY}},
	Author = {{McGeoch}, Catherine C.},
	Date-Added = {2013-05-16 01:27:00 +0200},
	Date-Modified = {2013-05-18 16:43:50 +0200},
	Keywords = {experiment design, experiment design plans, experimental analysis, experimental data, experimental design, experimental methods, experimentation, experimental goals, measurement, measurement techniques, performance, quality metrics, quality measures, performance tuning, performance optimization, performance engineering, performance speedups, data analysis, analysis-friendly data generation, variance reduction, simulation speedup, univariate data, bivariate data, correlation},
	Publisher = {Cambridge University Press},
	Title = {A Guide to Experimental Algorithmics},
	Year = {2012},
	Bdsk-File-1 = {YnBsaXN0MDDUAQIDBAUGJCVYJHZlcnNpb25YJG9iamVjdHNZJGFyY2hpdmVyVCR0b3ASAAGGoKgHCBMUFRYaIVUkbnVsbNMJCgsMDxJXTlMua2V5c1pOUy5vYmplY3RzViRjbGFzc6INDoACgAOiEBGABIAFgAdccmVsYXRpdmVQYXRoWWFsaWFzRGF0YV8QPi4uL3JlZmVyZW5jZXMvTWNHZW9jaC9BIEd1aWRlIHRvIEV4cGVyaW1lbnRhbCBBbGdvcml0aG1pY3MucGRm0hcLGBlXTlMuZGF0YU8RAiQAAAAAAiQAAgAADE1hY2ludG9zaCBIRAAAAAAAAAAAAAAAAAAAANE/NYpIKwAAABTbRR9BIEd1aWRlIHRvIEV4cGVyaW1lbiMxNERCNDYucGRmAAAAAAAAAAAAAAAAAAAAAAAAAAAAAAAAAAAAAAAAAAAAFNtGzbv98gAAAAAAAAAAAAEAAwAACSAAAAAAAAAAAAAAAAAAAAAHTWNHZW9jaAAAEAAIAADRP3vaAAAAEQAIAADNvERCAAAAAQAYABTbRQAUzEIAFMvjABA78wAQO24AEDtpAAIAZU1hY2ludG9zaCBIRDpVc2VyczoAemhpeWFuZzoARG9jdW1lbnRzOgByaWNlcmNhOgByZWZlcmVuY2VzOgBNY0dlb2NoOgBBIEd1aWRlIHRvIEV4cGVyaW1lbiMxNERCNDYucGRmAAAOAFIAKABBACAARwB1AGkAZABlACAAdABvACAARQB4AHAAZQByAGkAbQBlAG4AdABhAGwAIABBAGwAZwBvAHIAaQB0AGgAbQBpAGMAcwAuAHAAZABmAA8AGgAMAE0AYQBjAGkAbgB0AG8AcwBoACAASABEABIAW1VzZXJzL3poaXlhbmcvRG9jdW1lbnRzL3JpY2VyY2EvcmVmZXJlbmNlcy9NY0dlb2NoL0EgR3VpZGUgdG8gRXhwZXJpbWVudGFsIEFsZ29yaXRobWljcy5wZGYAABMAAS8AABUAAgAO//8AAIAG0hscHR5aJGNsYXNzbmFtZVgkY2xhc3Nlc11OU011dGFibGVEYXRhox0fIFZOU0RhdGFYTlNPYmplY3TSGxwiI1xOU0RpY3Rpb25hcnmiIiBfEA9OU0tleWVkQXJjaGl2ZXLRJidUcm9vdIABAAgAEQAaACMALQAyADcAQABGAE0AVQBgAGcAagBsAG4AcQBzAHUAdwCEAI4AzwDUANwDBAMGAwsDFgMfAy0DMQM4A0EDRgNTA1YDaANrA3AAAAAAAAACAQAAAAAAAAAoAAAAAAAAAAAAAAAAAAADcg==}}




@article{Austin2013,
	Address = {Washington, {D.C.}},
	Author = {Austin, Jim},
	Date-Added = {2013-03-21 01:40:00 +0200},
	Date-Modified = {2015-04-14 14:22:45 +0000},
	Doi = {http://dx.doi.org/10.1126/science.caredit.a1300057},
	Journal = {Science Careers},
	Keywords = {CS profession, CS outreach, CS careers},
	Month = {March 27},
	Publisher = {American Association for the Advancement of Science},
	Title = {Career {\rm {Q}\&{A}}: We Are the World},
	Url = {http://dx.doi.org/10.1126/science.caredit.a1300057},
	Year = {2013},
	Bdsk-File-1 = {YnBsaXN0MDDUAQIDBAUGJCVYJHZlcnNpb25YJG9iamVjdHNZJGFyY2hpdmVyVCR0b3ASAAGGoKgHCBMUFRYaIVUkbnVsbNMJCgsMDxJXTlMua2V5c1pOUy5vYmplY3RzViRjbGFzc6INDoACgAOiEBGABIAFgAdccmVsYXRpdmVQYXRoWWFsaWFzRGF0YV8QLS4uL3JlZmVyZW5jZXMvQXVzdGluL2BgV2UgQXJlIHRoZSBXb3JsZCcnLnBkZtIXCxgZV05TLmRhdGFPEQHoAAAAAAHoAAIAAAxNYWNpbnRvc2ggSEQAAAAAAAAAAAAAAAAAAADRPzWKSCsAAAAUzY0YYGBXZSBBcmUgdGhlIFdvcmxkJycucGRmAAAAAAAAAAAAAAAAAAAAAAAAAAAAAAAAAAAAAAAAAAAAAAAAAAAAABTNkM17TCsAAAAAAAAAAAABAAMAAAkgAAAAAAAAAAAAAAAAAAAABkF1c3RpbgAQAAgAANE/e9oAAAARAAgAAM17knsAAAABABgAFM2NABTMQgAUy+MAEDvzABA7bgAQO2kAAgBdTWFjaW50b3NoIEhEOlVzZXJzOgB6aGl5YW5nOgBEb2N1bWVudHM6AHJpY2VyY2E6AHJlZmVyZW5jZXM6AEF1c3RpbjoAYGBXZSBBcmUgdGhlIFdvcmxkJycucGRmAAAOADIAGABgAGAAVwBlACAAQQByAGUAIAB0AGgAZQAgAFcAbwByAGwAZAAnACcALgBwAGQAZgAPABoADABNAGEAYwBpAG4AdABvAHMAaAAgAEgARAASAEpVc2Vycy96aGl5YW5nL0RvY3VtZW50cy9yaWNlcmNhL3JlZmVyZW5jZXMvQXVzdGluL2BgV2UgQXJlIHRoZSBXb3JsZCcnLnBkZgATAAEvAAAVAAIADv//AACABtIbHB0eWiRjbGFzc25hbWVYJGNsYXNzZXNdTlNNdXRhYmxlRGF0YaMdHyBWTlNEYXRhWE5TT2JqZWN00hscIiNcTlNEaWN0aW9uYXJ5oiIgXxAPTlNLZXllZEFyY2hpdmVy0SYnVHJvb3SAAQAIABEAGgAjAC0AMgA3AEAARgBNAFUAYABnAGoAbABuAHEAcwB1AHcAhACOAL4AwwDLArcCuQK+AskC0gLgAuQC6wL0AvkDBgMJAxsDHgMjAAAAAAAAAgEAAAAAAAAAKAAAAAAAAAAAAAAAAAAAAyU=},
	Bdsk-Url-2 = {http://dx.doi.org/10.1126/science.caredit.a1300057}}

@book{Knuth1992,
	Address = {Heidelberg, Germany},
	Author = {Knuth, Donald E.},
	Date-Added = {2013-02-26 07:14:00 +0200},
	Date-Modified = {2015-04-14 14:22:45 +0000},
	Doi = {http://dx.doi.org/10.1007/3-540-55611-7},
	Howpublished = {Available online at: \url{http://www-cs-faculty.stanford.edu/~uno/papers/aah.tex.gz}; March 19, 2013 was the last accessed date},
	Keywords = {axioms, NP-complete problems, hulls, convex hull, theoretical computer science, theoretical CS},
	Publisher = {Springer-Verlag Berlin Heidelberg},
	Series = {Lecture Notes in Computer Science},
	Title = {Axioms and Hulls},
	Url = {http://dx.doi.org/10.1007/3-540-55611-7},
	Volume = {606},
	Year = {1992},
	Bdsk-Url-1 = {http://www-cs-faculty.stanford.edu/~uno/papers/aah.tex.gz},
	Bdsk-Url-2 = {http://dx.doi.org/10.1007/3-540-55611-7}}




@book{Parhami2002,
	Address = {New York, {NY}},
	Author = {Parhami, Behrooz},
	Date-Added = {2013-02-26 05:52:00 +0200},
	Date-Modified = {2015-04-14 14:22:45 +0000},
	Doi = {http://dx.doi.org/10.1007/b116777},
	Keywords = {parallelism, parallel processing, parallel algorithms, parallel algorithm complexity, parallel complexity, computational complexity, asymptotic notation, classes of computational complexity, class NC, parallel programming paradigms, parallel processing models, SIMD architecture, single instruction multiple data model, single instruction stream multiple data stream, MIMD architecture, multiple instruction multiple data model, multiple instruction stream multiple data stream, global memory, distributed memory organization, distributed memory machines, PRAM, parallel RAM, Parallel Random Access Machine, logic design, logic circuits, digital circuits, digital electronics, data broadcasting, semigroup models, semigroup theory, fan-in, parallel prefix circuits, parallel prefix computation, matrix algebra, linear algebra, shared-memory algorithms, shared memory programming, shared memory parallelism, shared-memory programming, shared-memory parallel programming, rank-based selection, parallel selection algorithms, selection-based sorting algorithms, sorting algorithms, convex hull, mesh-based computations, mesh-connected computations, routing, routing algorithms, numerical methods, numerical computation, graph algorithms, image processing, matrix multiplication, solving systems of equations, solving systems of linear equations, low-diameter architectures, composite networks, hybrid networks, hierarchical networks, hierarchical multilevel networks, distributed shared memory, distributed shared-memory architecture, multistage interconnection networks, task scheduling, scheduling, scheduling algorithms, load balancing, dataflow, dataflow systems, data storage, data access concurrency, cache coherence, cache coherence protocols, multithreading, latency hiding, parallel I/O communication, parallel I/O infrastructure, parallel input/output communication, redundant disk arrays, reliable parallel processing, parallel programming, software portability, parallel OS, parallel operating systems, parallel file systems, hardware/software interaction, message passing architectures, message passing systems, message-passing computers, message-passing processors, data parallel algorithms, data parallel processing, data parallel systems, data parallelism, data parallelism models, data-parallel algorithm, data-parallel architectures, data-parallel programming, data-parallel programming models, massively parallel architectures, massively parallel computer architectures, massively parallel computing, massively parallel processors, distributed array programming, distributed array processors, DAP},
	Publisher = {Kluwer Academic Publishers},
	Series = {Plenum Series in Computer Science},
	Title = {Introduction to Parallel Processing: Algorithms and Architectures},
	Url = {http://dx.doi.org/10.1007/b116777},
	Year = {2002},
	Bdsk-File-1 = {YnBsaXN0MDDUAQIDBAUGJCVYJHZlcnNpb25YJG9iamVjdHNZJGFyY2hpdmVyVCR0b3ASAAGGoKgHCBMUFRYaIVUkbnVsbNMJCgsMDxJXTlMua2V5c1pOUy5vYmplY3RzViRjbGFzc6INDoACgAOiEBGABIAFgAdccmVsYXRpdmVQYXRoWWFsaWFzRGF0YV8QWi4uL3JlZmVyZW5jZXMvUGFyaGFtaS9JbnRyb2R1Y3Rpb24gdG8gUGFyYWxsZWwgUHJvY2Vzc2luZyBBbGdvcml0aG1zIGFuZCBBcmNoaXRlY3R1cmVzLnBkZtIXCxgZV05TLmRhdGFPEQJ4AAAAAAJ4AAIAAAxNYWNpbnRvc2ggSEQAAAAAAAAAAAAAAAAAAADRPzWKSCsAAAAU3gEfSW50cm9kdWN0aW9uIHRvIFBhcmEjMTRERTA0LnBkZgAAAAAAAAAAAAAAAAAAAAAAAAAAAAAAAAAAAAAAAAAAABTeBM1iUFoAAAAAAAAAAAABAAMAAAkgAAAAAAAAAAAAAAAAAAAAB1BhcmhhbWkAABAACAAA0T972gAAABEACAAAzWKWqgAAAAEAGAAU3gEAFMxCABTL4wAQO/MAEDtuABA7aQACAGVNYWNpbnRvc2ggSEQ6VXNlcnM6AHpoaXlhbmc6AERvY3VtZW50czoAcmljZXJjYToAcmVmZXJlbmNlczoAUGFyaGFtaToASW50cm9kdWN0aW9uIHRvIFBhcmEjMTRERTA0LnBkZgAADgCKAEQASQBuAHQAcgBvAGQAdQBjAHQAaQBvAG4AIAB0AG8AIABQAGEAcgBhAGwAbABlAGwAIABQAHIAbwBjAGUAcwBzAGkAbgBnACAAQQBsAGcAbwByAGkAdABoAG0AcwAgAGEAbgBkACAAQQByAGMAaABpAHQAZQBjAHQAdQByAGUAcwAuAHAAZABmAA8AGgAMAE0AYQBjAGkAbgB0AG8AcwBoACAASABEABIAd1VzZXJzL3poaXlhbmcvRG9jdW1lbnRzL3JpY2VyY2EvcmVmZXJlbmNlcy9QYXJoYW1pL0ludHJvZHVjdGlvbiB0byBQYXJhbGxlbCBQcm9jZXNzaW5nIEFsZ29yaXRobXMgYW5kIEFyY2hpdGVjdHVyZXMucGRmAAATAAEvAAAVAAIADv//AACABtIbHB0eWiRjbGFzc25hbWVYJGNsYXNzZXNdTlNNdXRhYmxlRGF0YaMdHyBWTlNEYXRhWE5TT2JqZWN00hscIiNcTlNEaWN0aW9uYXJ5oiIgXxAPTlNLZXllZEFyY2hpdmVy0SYnVHJvb3SAAQAIABEAGgAjAC0AMgA3AEAARgBNAFUAYABnAGoAbABuAHEAcwB1AHcAhACOAOsA8AD4A3QDdgN7A4YDjwOdA6EDqAOxA7YDwwPGA9gD2wPgAAAAAAAAAgEAAAAAAAAAKAAAAAAAAAAAAAAAAAAAA+I=},
	Bdsk-Url-1 = {http://www.ece.ucsb.edu/~parhami/text_par_proc.htm},
	Bdsk-Url-2 = {http://dx.doi.org/10.1007/b116777}}













