@article{Merhav2010,
	Address = {Delft, {The Netherlands}},
	Author = {Merhav, Neri},
	Date-Added = {2014-03-16 00:42:00 +0200},
	Date-Modified = {2015-04-14 14:22:41 +0000},
	Journal = {Foundations and Trends$^{\textregistered}$\ in Communications and Information Theory},
	Keywords = {statistical physics, information theory},
	Month = {December 13},
	Number = {1--2},
	Pages = {1--212},
	Publisher = {Now Publishers},
	Title = {Statistical Physics and Information Theory},
	Volume = {6},
	Year = {2010},
	Bdsk-Url-1 = {http://dx.doi.org/10.1561/0100000052}}

@arti2cle{Huber2010,
	Address = {Delft, {The Netherlands}},
	Author = {Huber, Michael},
	Date-Added = {2014-03-16 00:41:00 +0200},
	Date-Modified = {2015-04-14 14:22:41 +0000},
	Journal = {Foundations and Trends$^{\textregistered}$\ in Communications and Information Theory},
	Keywords = {combinatorial design theory, coding theory},
	Month = {May 30},
	Number = {6},
	Pages = {581--675},
	Publisher = {Now Publishers},
	Title = {Combinatorial Designs for Authentication and Secrecy Codes},
	Volume = {5},
	Year = {2010},
	Bdsk-Url-1 = {http://dx.doi.org/10.1561/0100000044}}

@rtyuarticle{Liang2009,
	Address = {Delft, {The Netherlands}},
	Author = {Liang, Yingbin and Poor, H. Vincent and (Shitz), Shlomo Shamai},
	Date-Added = {2014-03-16 00:40:00 +0200},
	Date-Modified = {2015-04-14 14:22:41 +0000},
	Journal = {Foundations and Trends$^{\textregistered}$\ in Communications and Information Theory},
	Keywords = {information theoretic security, information theory},
	Month = {June 15},
	Number = {4--5},
	Pages = {355--580},
	Publisher = {Now Publishers},
	Title = {Information Theoretic Security},
	Volume = {5},
	Year = {2009},
	Bdsk-Url-1 = {http://dx.doi.org/10.1561/0100000036}}

@arti0cle{Haroutunian2008,
	Address = {Delft, {The Netherlands}},
	Author = {Haroutunian, Evgueni A. and Haroutunian, Mariam E. and Harutyunyan, Ashot N.},
	Date-Added = {2014-03-16 00:39:00 +0200},
	Date-Modified = {2015-04-14 14:22:41 +0000},
	Journal = {Foundations and Trends$^{\textregistered}$\ in Communications and Information Theory},
	Keywords = {information theory, statistical hypothesis testing, hypothesis testing},
	Month = {February 28},
	Number = {2--3},
	Pages = {97--263},
	Publisher = {Now Publishers},
	Title = {Reliability Criteria in Information Theory and in Statistical Hypothesis Testing},
	Volume = {4},
	Year = {2008},
	Bdsk-Url-1 = {http://dx.doi.org/10.1561/0100000008}}

@book{Rabiner2011,
	Address = {Upper Saddle River, {NJ}},
	Author = {Rabiner, Lawrence R. and Schafer, Ronald W.},
	Date-Added = {2014-03-16 00:23:00 +0200},
	Date-Modified = {2014-03-16 00:23:00 +0200},
	Keywords = {digital signal processing, DSP, signal processing, digital speech processing, speech processing, voice communication, automatic speech synthesis, speech synthesis, speech recognition},
	Publisher = {Pearson Education},
	Title = {Theory and Applications of Digital Speech Processing},
	Year = {2011}}

@boo2k{Manolakis2011,
	Address = {New York, {NY}},
	Author = {Manolakis, Dimitris G. and Ingle, Vinay K.},
	Date-Added = {2014-03-16 00:22:00 +0200},
	Date-Modified = {2014-03-16 00:22:00 +0200},
	Keywords = {signal processing, digital signal processing, DSP, multirate signal processing, random signals, random signal processing, finite wordlength effects},
	Publisher = {Cambridge University Press},
	Title = {Applied Digital Signal Processing: Theory and Practice},
	Year = {2011}}