%	No DOI,	No URL,	Has backup-1.
@techreport{DASC2013,
	Address = {New York, {NY}},
	Author = {{Design Automation Standards Committee of the IEEE Computer Society} and {IEEE Standards Association Corporate Advisory Group}},
	Date-Added = {2013-02-26 01:59:00 +0200},
	Date-Modified = {2015-04-14 14:22:46 +0000},
	Howpublished = {Available online at: \url{http://standards.ieee.org/getieee/1685/download/1685-2009.pdf}; February 27, 2013 was the last accessed date},
	Institution = {{The Institute of Electrical and Electronics Engineers}},
	Keywords = {SystemVerilog, LRM, Language Reference Manual},
	Month = {February 21},
	Title = {{IEEE} Standard for {SystemVerilog}--Unified Hardware Design, Specification, and Verification Language},
	Year = {2013},
	Bdsk-File-1 = {YnBsaXN0MDDUAQIDBAUGJCVYJHZlcnNpb25YJG9iamVjdHNZJGFyY2hpdmVyVCR0b3ASAAGGoKgHCBMUFRYaIVUkbnVsbNMJCgsMDxJXTlMua2V5c1pOUy5vYmplY3RzViRjbGFzc6INDoACgAOiEBGABIAFgAdccmVsYXRpdmVQYXRoWWFsaWFzRGF0YV8Qji4uL3JlZmVyZW5jZXMvRGVzaWduIEF1dG9tYXRpb24gU3RhbmRhcmRzIENvbW1pdHRlZSBvZiB0aGUgSUVFRSBDb21wdXRlciBTb2NpZXR5L0lFRUUgU3RhbmRhcmQgZm9yIFN5c3RlbVZlcmlsb2ctLVVuaWZpZWQgSGFyZHdhcmUgRGVzaWduLC5wZGbSFwsYGVdOUy5kYXRhTxECzgAAAAACzgACAAAMTWFjaW50b3NoIEhEAAAAAAAAAAAAAAAAAAAA0T81ikgrAAAAFNIZH0lFRUUgU3RhbmRhcmQgZm9yIFN5IzE0RDIyQS5wZGYAAAAAAAAAAAAAAAAAAAAAAAAAAAAAAAAAAAAAAAAAAAAU0irNU3ZzAAAAAAAAAAAAAQADAAAJIAAAAAAAAAAAAAAAAAAAAB9EZXNpZ24gQXV0b21hdGlvbiBTdGFuZGEjMTREMjE5AAAQAAgAANE/e9oAAAARAAgAAM1TytMAAAABABgAFNIZABTMQgAUy+MAEDvzABA7bgAQO2kAAgB9TWFjaW50b3NoIEhEOlVzZXJzOgB6aGl5YW5nOgBEb2N1bWVudHM6AHJpY2VyY2E6AHJlZmVyZW5jZXM6AERlc2lnbiBBdXRvbWF0aW9uIFN0YW5kYSMxNEQyMTk6AElFRUUgU3RhbmRhcmQgZm9yIFN5IzE0RDIyQS5wZGYAAA4AfAA9AEkARQBFAEUAIABTAHQAYQBuAGQAYQByAGQAIABmAG8AcgAgAFMAeQBzAHQAZQBtAFYAZQByAGkAbABvAGcALQAtAFUAbgBpAGYAaQBlAGQAIABIAGEAcgBkAHcAYQByAGUAIABEAGUAcwBpAGcAbgAsAC4AcABkAGYADwAaAAwATQBhAGMAaQBuAHQAbwBzAGgAIABIAEQAEgCrVXNlcnMvemhpeWFuZy9Eb2N1bWVudHMvcmljZXJjYS9yZWZlcmVuY2VzL0Rlc2lnbiBBdXRvbWF0aW9uIFN0YW5kYXJkcyBDb21taXR0ZWUgb2YgdGhlIElFRUUgQ29tcHV0ZXIgU29jaWV0eS9JRUVFIFN0YW5kYXJkIGZvciBTeXN0ZW1WZXJpbG9nLS1VbmlmaWVkIEhhcmR3YXJlIERlc2lnbiwucGRmAAATAAEvAAAVAAIADv//AACABtIbHB0eWiRjbGFzc25hbWVYJGNsYXNzZXNdTlNNdXRhYmxlRGF0YaMdHyBWTlNEYXRhWE5TT2JqZWN00hscIiNcTlNEaWN0aW9uYXJ5oiIgXxAPTlNLZXllZEFyY2hpdmVy0SYnVHJvb3SAAQAIABEAGgAjAC0AMgA3AEAARgBNAFUAYABnAGoAbABuAHEAcwB1AHcAhACOAR8BJAEsA/4EAAQFBBAEGQQnBCsEMgQ7BEAETQRQBGIEZQRqAAAAAAAAAgEAAAAAAAAAKAAAAAAAAAAAAAAAAAAABGw=},
	Url = {http://standards.ieee.org/getieee/1800/download/1800-2012.pdf},
	Bdsk-Url-1 = {http://standards.ieee.org/getieee/1800/download/1800-2012.pdf}}

%	No DOI,	No URL,	Has backup-1, Has backup-2.
@techreport{DASC2010a,
	Address = {New York, {NY}},
	Author = {{Design Automation Standards Committee of the IEEE Computer Society} and {IEEE Standards Association Corporate Advisory Group}},
	Date-Added = {2013-02-26 02:10:00 +0200},
	Date-Modified = {2015-04-14 14:22:46 +0000},
	Howpublished = {Available online at: \url{http://standards.ieee.org/getieee/1685/download/1685-2009.pdf}; February 27, 2013 was the last accessed date},
	Institution = {{The Institute of Electrical and Electronics Engineers}},
	Keywords = {IEEE Standard, IP-XACT, bus communication protocols, bus interfacing, bus protocols, bus-based communication protocol,},
	Month = {February 18},
	Title = {{IEEE} Standard for {IP-XACT}, Standard Structure for Packaging, Integrating, and Reusing {IP} within Tools Flows},
	Year = {2010},
	Bdsk-File-1 = {YnBsaXN0MDDUAQIDBAUGJCVYJHZlcnNpb25YJG9iamVjdHNZJGFyY2hpdmVyVCR0b3ASAAGGoKgHCBMUFRYaIVUkbnVsbNMJCgsMDxJXTlMua2V5c1pOUy5vYmplY3RzViRjbGFzc6INDoACgAOiEBGABIAFgAdccmVsYXRpdmVQYXRoWWFsaWFzRGF0YV8Qgi4uL3JlZmVyZW5jZXMvRGVzaWduIEF1dG9tYXRpb24gU3RhbmRhcmRzIENvbW1pdHRlZSBvZiB0aGUgSUVFRSBDb21wdXRlciBTb2NpZXR5L0lFRUUgU3RhbmRhcmQgZm9yIElQLVhBQ1QsIFN0YW5kYXJkIFN0cnVjdHVyZS5wZGbSFwsYGVdOUy5kYXRhTxECqgAAAAACqgACAAAMTWFjaW50b3NoIEhEAAAAAAAAAAAAAAAAAAAA0T81ikgrAAAAFNIZH0lFRUUgU3RhbmRhcmQgZm9yIElQIzE0RDIyNC5wZGYAAAAAAAAAAAAAAAAAAAAAAAAAAAAAAAAAAAAAAAAAAAAU0iTNU3ZbAAAAAAAAAAAAAQADAAAJIAAAAAAAAAAAAAAAAAAAAB9EZXNpZ24gQXV0b21hdGlvbiBTdGFuZGEjMTREMjE5AAAQAAgAANE/e9oAAAARAAgAAM1TyrsAAAABABgAFNIZABTMQgAUy+MAEDvzABA7bgAQO2kAAgB9TWFjaW50b3NoIEhEOlVzZXJzOgB6aGl5YW5nOgBEb2N1bWVudHM6AHJpY2VyY2E6AHJlZmVyZW5jZXM6AERlc2lnbiBBdXRvbWF0aW9uIFN0YW5kYSMxNEQyMTk6AElFRUUgU3RhbmRhcmQgZm9yIElQIzE0RDIyNC5wZGYAAA4AZAAxAEkARQBFAEUAIABTAHQAYQBuAGQAYQByAGQAIABmAG8AcgAgAEkAUAAtAFgAQQBDAFQALAAgAFMAdABhAG4AZABhAHIAZAAgAFMAdAByAHUAYwB0AHUAcgBlAC4AcABkAGYADwAaAAwATQBhAGMAaQBuAHQAbwBzAGgAIABIAEQAEgCfVXNlcnMvemhpeWFuZy9Eb2N1bWVudHMvcmljZXJjYS9yZWZlcmVuY2VzL0Rlc2lnbiBBdXRvbWF0aW9uIFN0YW5kYXJkcyBDb21taXR0ZWUgb2YgdGhlIElFRUUgQ29tcHV0ZXIgU29jaWV0eS9JRUVFIFN0YW5kYXJkIGZvciBJUC1YQUNULCBTdGFuZGFyZCBTdHJ1Y3R1cmUucGRmAAATAAEvAAAVAAIADv//AACABtIbHB0eWiRjbGFzc25hbWVYJGNsYXNzZXNdTlNNdXRhYmxlRGF0YaMdHyBWTlNEYXRhWE5TT2JqZWN00hscIiNcTlNEaWN0aW9uYXJ5oiIgXxAPTlNLZXllZEFyY2hpdmVy0SYnVHJvb3SAAQAIABEAGgAjAC0AMgA3AEAARgBNAFUAYABnAGoAbABuAHEAcwB1AHcAhACOARMBGAEgA84D0APVA+AD6QP3A/sEAgQLBBAEHQQgBDIENQQ6AAAAAAAAAgEAAAAAAAAAKAAAAAAAAAAAAAAAAAAABDw=},
	Url = {http://standards.ieee.org/getieee/1685/download/1685-2009.pdf},
	Bdsk-Url-1 = {http://standards.ieee.org/getieee/1685/download/1685-2009.pdf},
	Doi = {http://dx.doi.org/10.1109/IEEESTD.2010.5417309},
	Bdsk-Url-2 = {http://dx.doi.org/10.1109/IEEESTD.2010.5417309}}

%	DOI,	No URL,	Has backup-1.
@book{Koranne2011,
	Address = {New York, {NY}},
	Author = {Koranne, Sandeep},
	Date-Added = {2013-02-26 01:38:00 +0200},
	Date-Modified = {2015-04-14 14:22:46 +0000},
	Doi = {http://dx.doi.org/10.1007/978-1-4419-7719-9},
	Keywords = {open-source operating systems, open-source software, GNU/Linux, Linux, TeX, LaTeX, GCC, CVS, SVN, Concurrent Versions System, Subversion, Git, GNU Build System, Autotools, GNU make, Make, GDB, GNU Debugger, Doxygen, GNU Profiler, gprof, Valgrind, GNU gcov, Bugzilla, C++ Standard Template Library, C standard library, Apache Portable Runtime, apr, Boost C++ Libraries, POSIX threads, Pthreads, OpenMP, MPI, message passing interface, Intel Thread Building Blocks, NVIDIA CUDA, NVIDIA Compute Unified Device Architecture, OpenCL, Open Computing Language, flex, Yacc parser generator, Yacc parser generator, ANTLR, LLVM, Low-Level Virtual Machine, OpenCV, CUDD Library (BDDs), Icarus Verilog simulator, GTKWave waveform viewer, Alliance CAD System, Magic VLSI layout editor, NGSpice circuit simulator, BLAS, ATLAS, LAPACK, GLPK, GNU Octave, R statistical analysis applications, OpenGL, web servers, Apache web server, LAMP stack, Hadoop, Hadoop distributed file system, Joomla (content management), virtualization, cloud computing, network monitoring, cluster monitoring, Nagios, MySQL, CouchDB},
	Publisher = {Springer Science+Business Media, {LCC}},
	Title = {Handbook of Open Source Tools},
	Year = {2011},
	Bdsk-File-1 = {YnBsaXN0MDDUAQIDBAUGJCVYJHZlcnNpb25YJG9iamVjdHNZJGFyY2hpdmVyVCR0b3ASAAGGoKgHCBMUFRYaIVUkbnVsbNMJCgsMDxJXTlMua2V5c1pOUy5vYmplY3RzViRjbGFzc6INDoACgAOiEBGABIAFgAdccmVsYXRpdmVQYXRoWWFsaWFzRGF0YV8QNy4uL3JlZmVyZW5jZXMvS29yYW5uZS9IYW5kYm9vayBvZiBPcGVuIFNvdXJjZSBUb29scy5wZGbSFwsYGVdOUy5kYXRhTxECDgAAAAACDgACAAAMTWFjaW50b3NoIEhEAAAAAAAAAAAAAAAAAAAA0T81ikgrAAAAFNjkH0hhbmRib29rIG9mIE9wZW4gU291IzE0RDhFNS5wZGYAAAAAAAAAAAAAAAAAAAAAAAAAAAAAAAAAAAAAAAAAAAAU2OXOoE4KAAAAAAAAAAAAAQADAAAJIAAAAAAAAAAAAAAAAAAAAAdLb3Jhbm5lAAAQAAgAANE/e9oAAAARAAgAAM6gomoAAAABABgAFNjkABTMQgAUy+MAEDvzABA7bgAQO2kAAgBlTWFjaW50b3NoIEhEOlVzZXJzOgB6aGl5YW5nOgBEb2N1bWVudHM6AHJpY2VyY2E6AHJlZmVyZW5jZXM6AEtvcmFubmU6AEhhbmRib29rIG9mIE9wZW4gU291IzE0RDhFNS5wZGYAAA4ARAAhAEgAYQBuAGQAYgBvAG8AawAgAG8AZgAgAE8AcABlAG4AIABTAG8AdQByAGMAZQAgAFQAbwBvAGwAcwAuAHAAZABmAA8AGgAMAE0AYQBjAGkAbgB0AG8AcwBoACAASABEABIAVFVzZXJzL3poaXlhbmcvRG9jdW1lbnRzL3JpY2VyY2EvcmVmZXJlbmNlcy9Lb3Jhbm5lL0hhbmRib29rIG9mIE9wZW4gU291cmNlIFRvb2xzLnBkZgATAAEvAAAVAAIADv//AACABtIbHB0eWiRjbGFzc25hbWVYJGNsYXNzZXNdTlNNdXRhYmxlRGF0YaMdHyBWTlNEYXRhWE5TT2JqZWN00hscIiNcTlNEaWN0aW9uYXJ5oiIgXxAPTlNLZXllZEFyY2hpdmVy0SYnVHJvb3SAAQAIABEAGgAjAC0AMgA3AEAARgBNAFUAYABnAGoAbABuAHEAcwB1AHcAhACOAMgAzQDVAucC6QLuAvkDAgMQAxQDGwMkAykDNgM5A0sDTgNTAAAAAAAAAgEAAAAAAAAAKAAAAAAAAAAAAAAAAAAAA1U=},
	Url = {http://dx.doi.org/10.1007/978-1-4419-7719-9},
	Bdsk-Url-1 = {http://dx.doi.org/10.1007/978-1-4419-7719-9}}

%	DOI,	No URL,	Has backup-1, Has backup-2.
@book{Valiente2002,
	Address = {Heidelberg, Germany},
	Author = {Valiente, Gabriel},
	Date-Added = {2013-02-26 01:45:00 +0200},
	Date-Modified = {2015-04-14 14:22:46 +0000},
	Doi = {http://dx.doi.org/10.1007/978-3-662-04921-1},
	Keywords = {trees, tree data structures, tree traversals, tree algorithms, graphs, graph data structures, graph algorithms, graph traversal, backtracking, branch-and-bound, divide and conquer, dynamic programming, graph theory, C++ libraries},
	Publisher = {Springer-Verlag Berlin Heidelberg},
	Title = {Algorithms on Trees and Graphs},
	Year = {2002},
	Bdsk-File-1 = {YnBsaXN0MDDUAQIDBAUGJCVYJHZlcnNpb25YJG9iamVjdHNZJGFyY2hpdmVyVCR0b3ASAAGGoKgHCBMUFRYaIVUkbnVsbNMJCgsMDxJXTlMua2V5c1pOUy5vYmplY3RzViRjbGFzc6INDoACgAOiEBGABIAFgAdccmVsYXRpdmVQYXRoWWFsaWFzRGF0YV8QOS4uL3JlZmVyZW5jZXMvVmFsaWVudGUvQWxnb3JpdGhtcyBvbiBUcmVlcyBhbmQgR3JhcGhzLnBkZtIXCxgZV05TLmRhdGFPEQISAAAAAAISAAIAAAxNYWNpbnRvc2ggSEQAAAAAAAAAAAAAAAAAAADRPzWKSCsAAAAU5JsfQWxnb3JpdGhtcyBvbiBUcmVlcyAjMTRFNDlDLnBkZgAAAAAAAAAAAAAAAAAAAAAAAAAAAAAAAAAAAAAAAAAAABTknM6gUaoAAAAAAAAAAAABAAMAAAkgAAAAAAAAAAAAAAAAAAAACFZhbGllbnRlABAACAAA0T972gAAABEACAAAzqCmCgAAAAEAGAAU5JsAFMxCABTL4wAQO/MAEDtuABA7aQACAGZNYWNpbnRvc2ggSEQ6VXNlcnM6AHpoaXlhbmc6AERvY3VtZW50czoAcmljZXJjYToAcmVmZXJlbmNlczoAVmFsaWVudGU6AEFsZ29yaXRobXMgb24gVHJlZXMgIzE0RTQ5Qy5wZGYADgBGACIAQQBsAGcAbwByAGkAdABoAG0AcwAgAG8AbgAgAFQAcgBlAGUAcwAgAGEAbgBkACAARwByAGEAcABoAHMALgBwAGQAZgAPABoADABNAGEAYwBpAG4AdABvAHMAaAAgAEgARAASAFZVc2Vycy96aGl5YW5nL0RvY3VtZW50cy9yaWNlcmNhL3JlZmVyZW5jZXMvVmFsaWVudGUvQWxnb3JpdGhtcyBvbiBUcmVlcyBhbmQgR3JhcGhzLnBkZgATAAEvAAAVAAIADv//AACABtIbHB0eWiRjbGFzc25hbWVYJGNsYXNzZXNdTlNNdXRhYmxlRGF0YaMdHyBWTlNEYXRhWE5TT2JqZWN00hscIiNcTlNEaWN0aW9uYXJ5oiIgXxAPTlNLZXllZEFyY2hpdmVy0SYnVHJvb3SAAQAIABEAGgAjAC0AMgA3AEAARgBNAFUAYABnAGoAbABuAHEAcwB1AHcAhACOAMoAzwDXAu0C7wL0Av8DCAMWAxoDIQMqAy8DPAM/A1EDVANZAAAAAAAAAgEAAAAAAAAAKAAAAAAAAAAAAAAAAAAAA1s=},
	Url = {http://www.lsi.upc.edu/~valiente/algorithm/},
	Bdsk-Url-1 = {http://www.lsi.upc.edu/~valiente/algorithm/},
	Bdsk-Url-2 = {http://dx.doi.org/10.1007/978-3-662-04921-1}}

%	No DOI,	URL,	Has backup-1.
@article{Park2012,
	Address = {London, {U.K.}},
	Author = {Park, Hongsik and Afzali, Ali and Han, {Shu-Jen} and Tulevski, George S. and Franklin, Aaron D. and Tersoff, Jerry and Hannon, James B. and Haensch, Wilfried},
	Date-Added = {2012-10-28 03:37:00 +0200},
	Date-Modified = {2015-04-14 14:22:47 +0000},
	Journal = {Nature Nanotechnology},
	Keywords = {carbon nanotube, CNT, chemical self-assembly, nano self-assembly},
	Month = {December},
	Number = {12},
	Pages = {787--791},
	Publisher = {Nature Publishing Group},
	Title = {High-density integration of carbon nanotubes via chemical self-assembly},
	Url = {http://dx.doi.org/10.1038/nnano.2012.189},
	Volume = {7},
	Year = {2012},
	Bdsk-File-1 = {YnBsaXN0MDDUAQIDBAUGJCVYJHZlcnNpb25YJG9iamVjdHNZJGFyY2hpdmVyVCR0b3ASAAGGoKgHCBMUFRYaIVUkbnVsbNMJCgsMDxJXTlMua2V5c1pOUy5vYmplY3RzViRjbGFzc6INDoACgAOiEBGABIAFgAdccmVsYXRpdmVQYXRoWWFsaWFzRGF0YV8QUC4uL3JlZmVyZW5jZXMvUGFyay9IaWdoLWRlbnNpdHkgaW50ZWdyYXRpb24gb2YgY2FyYm9uIG5hbm90dWJlcyB2aWEgY2hlbWljYWwucGRm0hcLGBlXTlMuZGF0YU8RAlgAAAAAAlgAAgAADE1hY2ludG9zaCBIRAAAAAAAAAAAAAAAAAAAANE/NYpIKwAAABTeBR9IaWdoLWRlbnNpdHkgaW50ZWdyYSMxNERFMDYucGRmAAAAAAAAAAAAAAAAAAAAAAAAAAAAAAAAAAAAAAAAAAAAFN4GzMCrVwAAAAAAAAAAAAEAAwAACSAAAAAAAAAAAAAAAAAAAAAEUGFyawAQAAgAANE/e9oAAAARAAgAAMzA/7cAAAABABgAFN4FABTMQgAUy+MAEDvzABA7bgAQO2kAAgBiTWFjaW50b3NoIEhEOlVzZXJzOgB6aGl5YW5nOgBEb2N1bWVudHM6AHJpY2VyY2E6AHJlZmVyZW5jZXM6AFBhcms6AEhpZ2gtZGVuc2l0eSBpbnRlZ3JhIzE0REUwNi5wZGYADgB8AD0ASABpAGcAaAAtAGQAZQBuAHMAaQB0AHkAIABpAG4AdABlAGcAcgBhAHQAaQBvAG4AIABvAGYAIABjAGEAcgBiAG8AbgAgAG4AYQBuAG8AdAB1AGIAZQBzACAAdgBpAGEAIABjAGgAZQBtAGkAYwBhAGwALgBwAGQAZgAPABoADABNAGEAYwBpAG4AdABvAHMAaAAgAEgARAASAG1Vc2Vycy96aGl5YW5nL0RvY3VtZW50cy9yaWNlcmNhL3JlZmVyZW5jZXMvUGFyay9IaWdoLWRlbnNpdHkgaW50ZWdyYXRpb24gb2YgY2FyYm9uIG5hbm90dWJlcyB2aWEgY2hlbWljYWwucGRmAAATAAEvAAAVAAIADv//AACABtIbHB0eWiRjbGFzc25hbWVYJGNsYXNzZXNdTlNNdXRhYmxlRGF0YaMdHyBWTlNEYXRhWE5TT2JqZWN00hscIiNcTlNEaWN0aW9uYXJ5oiIgXxAPTlNLZXllZEFyY2hpdmVy0SYnVHJvb3SAAQAIABEAGgAjAC0AMgA3AEAARgBNAFUAYABnAGoAbABuAHEAcwB1AHcAhACOAOEA5gDuA0oDTANRA1wDZQNzA3cDfgOHA4wDmQOcA64DsQO2AAAAAAAAAgEAAAAAAAAAKAAAAAAAAAAAAAAAAAAAA7g=},
	Bdsk-Url-1 = {http://www.extremetech.com/wp-content/uploads/2012/10/Hongsik-Park-Revised_Manuscript_NNANO-12040648-07-08-12.pdf},
	Doi = {http://dx.doi.org/10.1038/nnano.2012.189},
	Bdsk-Url-2 = {http://dx.doi.org/10.1038/nnano.2012.189}}

@inproceedings{Hemkumar1992,
	Address = {San Diego, {CA}},
	Author = {Hemkumar, Nariankadu D. and Cavallaro, Joseph R.},
	Booktitle = {Proceedings of the {IEEE} International Symposium on Circuits and Systems ({ISCAS '92})},
	Date-Added = {2012-07-07 13:02:37 +0200},
	Date-Modified = {2015-04-14 14:22:47 +0000},
	Keywords = {systolic algorithm, SVD, singular value decomposition, cyclic Jacobi algorithm, parallel ordering, two-step two-sided unitary transformation scheme, CORDIC, coordinate rotation digital computer, CORDIC algorithm, Brent-Luk-VanLoan array},
	Month = {May 10--13},
	Pages = {1061--1064},
	Publisher = {{IEEE} Press},
	Title = {A systolic {VLSI} architecture for complex {SVD}},
	Url = {http://www-ece.rice.edu/~cavallar/papers/92iscas_h.pdf},
	Volume = {3},
	Year = {1992},
	Annote = {Available online at: \url{http://www-ece.rice.edu/~cavallar/papers/92iscas_h.pdf}; July 5, 2012 was the last accessed date},
	Bdsk-File-1 = {YnBsaXN0MDDUAQIDBAUGJCVYJHZlcnNpb25YJG9iamVjdHNZJGFyY2hpdmVyVCR0b3ASAAGGoKgHCBMUFRYaIVUkbnVsbNMJCgsMDxJXTlMua2V5c1pOUy5vYmplY3RzViRjbGFzc6INDoACgAOiEBGABIAFgAdccmVsYXRpdmVQYXRoWWFsaWFzRGF0YV8QRy4uL3JlZmVyZW5jZXMvSGVta3VtYXIvQSBzeXN0b2xpYyBWTFNJIGFyY2hpdGVjdHVyZSBmb3IgY29tcGxleCBTVkQucGRm0hcLGBlXTlMuZGF0YU8RAjwAAAAAAjwAAgAADE1hY2ludG9zaCBIRAAAAAAAAAAAAAAAAAAAANE/NYpIKwAAABTWHB9BIHN5c3RvbGljIFZMU0kgYXJjaCMxNEQ2MUQucGRmAAAAAAAAAAAAAAAAAAAAAAAAAAAAAAAAAAAAAAAAAAAAFNYdzB2jRQAAAAAAAAAAAAEAAwAACSAAAAAAAAAAAAAAAAAAAAAISGVta3VtYXIAEAAIAADRP3vaAAAAEQAIAADMHemVAAAAAQAYABTWHAAUzEIAFMvjABA78wAQO24AEDtpAAIAZk1hY2ludG9zaCBIRDpVc2VyczoAemhpeWFuZzoARG9jdW1lbnRzOgByaWNlcmNhOgByZWZlcmVuY2VzOgBIZW1rdW1hcjoAQSBzeXN0b2xpYyBWTFNJIGFyY2gjMTRENjFELnBkZgAOAGIAMABBACAAcwB5AHMAdABvAGwAaQBjACAAVgBMAFMASQAgAGEAcgBjAGgAaQB0AGUAYwB0AHUAcgBlACAAZgBvAHIAIABjAG8AbQBwAGwAZQB4ACAAUwBWAEQALgBwAGQAZgAPABoADABNAGEAYwBpAG4AdABvAHMAaAAgAEgARAASAGRVc2Vycy96aGl5YW5nL0RvY3VtZW50cy9yaWNlcmNhL3JlZmVyZW5jZXMvSGVta3VtYXIvQSBzeXN0b2xpYyBWTFNJIGFyY2hpdGVjdHVyZSBmb3IgY29tcGxleCBTVkQucGRmABMAAS8AABUAAgAO//8AAIAG0hscHR5aJGNsYXNzbmFtZVgkY2xhc3Nlc11OU011dGFibGVEYXRhox0fIFZOU0RhdGFYTlNPYmplY3TSGxwiI1xOU0RpY3Rpb25hcnmiIiBfEA9OU0tleWVkQXJjaGl2ZXLRJidUcm9vdIABAAgAEQAaACMALQAyADcAQABGAE0AVQBgAGcAagBsAG4AcQBzAHUAdwCEAI4A2ADdAOUDJQMnAywDNwNAA04DUgNZA2IDZwN0A3cDiQOMA5EAAAAAAAACAQAAAAAAAAAoAAAAAAAAAAAAAAAAAAADkw==},
	Bdsk-Url-1 = {http://www-ece.rice.edu/~cavallar/papers/92iscas_h.pdf}}

%	No DOI,	URL,	Has backup-1, Has backup-2.
@inproceedings{Wu2007a,
	Address = {Nice Acropolis, France},
	Author = {Wu, {Chi-An} and Lin, {Ting-Hao} and Lee, {Chih-Chun} and Huang, {Chung-Yang} (Ric)},
	Booktitle = {Proceedings of the Design, Automation and Test in Europe Conference and Exhibition ({DATE '07})},
	Date-Added = {2012-06-21 01:30:00 +0200},
	Date-Modified = {2015-04-14 14:22:47 +0000},
	Keywords = {circuit-based SAT solvers, SAT solvers, QuteSAT, netlists, generic watching scheme, boolean constraint propagation, BCP, implicit implication graph representation, implicit implication graph, learning, learning algorithms, circuit-based data structure, SAT algorithms, CNF, CNF and SAT, conjunctive normal form, CNF-based SAT solvers, circuit-oriented decision ordering technique, J-frontier},
	Month = {April 16--20},
	Organization = {European Design and Automation Association, {ACM} Special Interest Group on Design Automation ({SIGDA}), Electronic Design Automation Consortium, Electronic Chips {\rm \&} Systems design Initiative, {IEEE} Computer Society ({TTTC}), {IEEE} Council on {EDA} ({CEDA}), Russian Academy of Science},
	Pages = {1313--1318},
	Publisher = {European Design and Automation Association},
	Title = {QuteSAT: A Robust Circuit-based SAT Solver for Complex Circuit Structure},
	Url = {http://dx.doi.org/10.1109/DATE.2007.364479},
	Year = {2007},
	Bdsk-File-1 = {YnBsaXN0MDDUAQIDBAUGJCVYJHZlcnNpb25YJG9iamVjdHNZJGFyY2hpdmVyVCR0b3ASAAGGoKgHCBMUFRYaIVUkbnVsbNMJCgsMDxJXTlMua2V5c1pOUy5vYmplY3RzViRjbGFzc6INDoACgAOiEBGABIAFgAdccmVsYXRpdmVQYXRoWWFsaWFzRGF0YV8QSi4uL3JlZmVyZW5jZXMvV3UvUXV0ZVNBVCBBIFJvYnVzdCBDaXJjdWl0LWJhc2VkIFNBVCBTb2x2ZXIgZm9yIENvbXBsZXgucGRm0hcLGBlXTlMuZGF0YU8RAkYAAAAAAkYAAgAADE1hY2ludG9zaCBIRAAAAAAAAAAAAAAAAAAAANE/NYpIKwAAABTl/B9RdXRlU0FUIEEgUm9idXN0IENpciMxNEU2MDIucGRmAAAAAAAAAAAAAAAAAAAAAAAAAAAAAAAAAAAAAAAAAAAAFOYCzCBeQwAAAAAAAAAAAAEAAwAACSAAAAAAAAAAAAAAAAAAAAACV3UAEAAIAADRP3vaAAAAEQAIAADMIKSTAAAAAQAYABTl/AAUzEIAFMvjABA78wAQO24AEDtpAAIAYE1hY2ludG9zaCBIRDpVc2VyczoAemhpeWFuZzoARG9jdW1lbnRzOgByaWNlcmNhOgByZWZlcmVuY2VzOgBXdToAUXV0ZVNBVCBBIFJvYnVzdCBDaXIjMTRFNjAyLnBkZgAOAHQAOQBRAHUAdABlAFMAQQBUACAAQQAgAFIAbwBiAHUAcwB0ACAAQwBpAHIAYwB1AGkAdAAtAGIAYQBzAGUAZAAgAFMAQQBUACAAUwBvAGwAdgBlAHIAIABmAG8AcgAgAEMAbwBtAHAAbABlAHgALgBwAGQAZgAPABoADABNAGEAYwBpAG4AdABvAHMAaAAgAEgARAASAGdVc2Vycy96aGl5YW5nL0RvY3VtZW50cy9yaWNlcmNhL3JlZmVyZW5jZXMvV3UvUXV0ZVNBVCBBIFJvYnVzdCBDaXJjdWl0LWJhc2VkIFNBVCBTb2x2ZXIgZm9yIENvbXBsZXgucGRmAAATAAEvAAAVAAIADv//AACABtIbHB0eWiRjbGFzc25hbWVYJGNsYXNzZXNdTlNNdXRhYmxlRGF0YaMdHyBWTlNEYXRhWE5TT2JqZWN00hscIiNcTlNEaWN0aW9uYXJ5oiIgXxAPTlNLZXllZEFyY2hpdmVy0SYnVHJvb3SAAQAIABEAGgAjAC0AMgA3AEAARgBNAFUAYABnAGoAbABuAHEAcwB1AHcAhACOANsA4ADoAzIDNAM5A0QDTQNbA18DZgNvA3QDgQOEA5YDmQOeAAAAAAAAAgEAAAAAAAAAKAAAAAAAAAAAAAAAAAAAA6A=},
	Bdsk-Url-1 = {http://dl.acm.org/citation.cfm?id=1266653},
	Doi = {http://dx.doi.org/10.1109/DATE.2007.364479},
	Bdsk-Url-2 = {http://dx.doi.org/10.1109/DATE.2007.364479}}

%	DOI,	URL,	Has backup-1.
@article{Wu2008c,
	Address = {Heidelberg, Germany},
	Author = {Wu, Xindong and Kumar, Vipin and Quinlan, J. Ross and Ghosh, Joydeep and Yang, Qiang and Motoda, Hiroshi and McLachlan, Geoffrey J. and Ng, Angus and Liu, Bing and Yu, Philip S. and Zhou, Zhi-Hua and Steinbach, Michael and Hand, David J. and Steinberg, Dan},
	Date-Added = {2012-06-21 01:37:00 +0200},
	Date-Modified = {2015-04-14 14:22:47 +0000},
	Doi = {http://dx.doi.org/10.1007/s10115-007-0114-2},
	Journal = {Knowledge and Information Systems},
	Keywords = {data mining, C4.5, k-Means, SVM, Apriori, EM, PageRank, AdaBoost, kNN, Naive Bayes, CART, classification, clustering, statistical learning, association analysis, link analysis},
	Month = {January},
	Number = {1},
	Pages = {1--37},
	Publisher = {Springer-Verlag Berlin Heidelberg},
	Title = {Top 10 algorithms in data mining},
	Url = {http://dx.doi.org/10.1007/s10115-007-0114-2},
	Volume = {14},
	Year = {2008},
	Bdsk-File-1 = {YnBsaXN0MDDUAQIDBAUGJCVYJHZlcnNpb25YJG9iamVjdHNZJGFyY2hpdmVyVCR0b3ASAAGGoKgHCBMUFRYaIVUkbnVsbNMJCgsMDxJXTlMua2V5c1pOUy5vYmplY3RzViRjbGFzc6INDoACgAOiEBGABIAFgAdccmVsYXRpdmVQYXRoWWFsaWFzRGF0YV8QNS4uL3JlZmVyZW5jZXMvV3UvVG9wIDEwIGFsZ29yaXRobXMgaW4gZGF0YSBtaW5pbmcucGRm0hcLGBlXTlMuZGF0YU8RAgYAAAAAAgYAAgAADE1hY2ludG9zaCBIRAAAAAAAAAAAAAAAAAAAANE/NYpIKwAAABTl/B9Ub3AgMTAgYWxnb3JpdGhtcyBpbiMxNEU2MDQucGRmAAAAAAAAAAAAAAAAAAAAAAAAAAAAAAAAAAAAAAAAAAAAFOYEw7tlswAAAAAAAAAAAAEAAwAACSAAAAAAAAAAAAAAAAAAAAACV3UAEAAIAADRP3vaAAAAEQAIAADDu7oTAAAAAQAYABTl/AAUzEIAFMvjABA78wAQO24AEDtpAAIAYE1hY2ludG9zaCBIRDpVc2VyczoAemhpeWFuZzoARG9jdW1lbnRzOgByaWNlcmNhOgByZWZlcmVuY2VzOgBXdToAVG9wIDEwIGFsZ29yaXRobXMgaW4jMTRFNjA0LnBkZgAOAEoAJABUAG8AcAAgADEAMAAgAGEAbABnAG8AcgBpAHQAaABtAHMAIABpAG4AIABkAGEAdABhACAAbQBpAG4AaQBuAGcALgBwAGQAZgAPABoADABNAGEAYwBpAG4AdABvAHMAaAAgAEgARAASAFJVc2Vycy96aGl5YW5nL0RvY3VtZW50cy9yaWNlcmNhL3JlZmVyZW5jZXMvV3UvVG9wIDEwIGFsZ29yaXRobXMgaW4gZGF0YSBtaW5pbmcucGRmABMAAS8AABUAAgAO//8AAIAG0hscHR5aJGNsYXNzbmFtZVgkY2xhc3Nlc11OU011dGFibGVEYXRhox0fIFZOU0RhdGFYTlNPYmplY3TSGxwiI1xOU0RpY3Rpb25hcnmiIiBfEA9OU0tleWVkQXJjaGl2ZXLRJidUcm9vdIABAAgAEQAaACMALQAyADcAQABGAE0AVQBgAGcAagBsAG4AcQBzAHUAdwCEAI4AxgDLANMC3QLfAuQC7wL4AwYDCgMRAxoDHwMsAy8DQQNEA0kAAAAAAAACAQAAAAAAAAAoAAAAAAAAAAAAAAAAAAADSw==},
	Bdsk-Url-1 = {http://dx.doi.org/10.1007/s10115-007-0114-2}}

%	DOI,	URL,	Has backup-1, Has backup-2.

@book{Szeliski2011,
	Address = {London, {U.K.}},
	Author = {Szeliski, Richard},
	Date-Added = {2012-06-21 03:24:00 +0200},
	Date-Modified = {2015-04-14 14:22:47 +0000},
	Doi = {http://dx.doi.org/10.1007/978-1-84882-935-0},
	Keywords = {computer vision, image formation, geometric primitives, geometric transformations, photometric image formation, digital camera, image processing, point operators, linear filtering, neighborhood operators, Fourier transform, pyramids, wavelets, global optimization, feature detection, feature matching, points, patches, edges, lines, segmentation, active contours, split, merge, mean shift, mode finding, normalized cuts, graph cuts, energy-based methods, feature-based alignment, feature-based methods, 2-D feature-based alignment, 3-D feature-based alignment, pose estimation, geometric intrinsic calibration, triangulations, 2-frame structure from motion, structure from motion, factorization, bundle adjustment, constrained structure & motion, dense motion estimation, translational alignment, parametric motion, spline-based motion, optical flow, layered motion, image stitching, motion models, global alignment, compositing, computational photography, photometric calibration, high dynamic range imaging, super-resolution, blur removal, image matting, compositing, image compositing, texture analysis, texture synthesis, stereo correspondence, epipolar geometry, sparse correspondence, dense correspondence, local methods, multi-view stereo, 3-D reconstruction, shape from X, active rangefinding, surface representations, point-based representations, volumetric representations, model-based reconstruction, recovering texture maps & albedos, image-based rendering, view interpolation, layered depth images, light fields, lumigraphs, environment mattes, video-based rendering, recognition, object detection, facial recognition, instance recognition, category recognition, context & scene understanding, recognition databases, 2-D transformations, 3-D transformations, 3-D rotations, 3-D to 2-D projections, lens distortions, lighting, reflectance, shading, optics, sampling, aliasing, color, comprehension, pixel transforms, color transforms, compositing, matting, histogram equalization, tonal adjustment, separable filtering, bandpass filters, steerable filters, nonlinear filtering, morphology, distance transforms, connected components, Wiener filters, sharpening, blur, noise removal, interpolation, decimation, multi-resolution representations, image blending, parametric transformations, mesh-based warping, feature-based morphing, regularization, Markov random field, image restoration, feature detectors, feature descriptors, feature matching, feature tracking, performance-driven animation, edge detection, edge linking, edge editing, edge enhancement, successive approximation, Hough transforms, vanishing points, rectangle detection, snakes, dynamic snakes, condensation, scissors, contour tracking, rotoscoping, watershed, region splitting, divisive clustering, region merging, agglomerative hierarchical clustering, agglomerative clustering, graph-based segmentation, probabilistic aggregation, k-means clustering algorithm, mixture of Gaussians, medical image segmentation, 2-D alignment using least squares, panography, iterative algorithms, robust least squares, 3-D alignment, linear algorithm, augmented reality, calibration patterns, vanishing points, single view metrology, rotational motion, radial distortion, projective (uncalibrated) reconstruction, projective reconstruction, self-calibration, view morphing, perspective factorization, projective factorization, sparse 3-D model extraction, sparsity, uncertainty, ambiguity, object reconstruction from Internet photos, line-based constrained structure & motion, plane-based constrained structure & motion, hierarchical motion estimation, Fourier-based alignment, learned motion models, incremental refinement, video stabilization, medical image registration, multi-frame motion estimation, video denoising, de-interfacing, frame interpolation, transparent layers, reflection, plane perspective motion, whiteboard-based graphics, document scanning, rotational panoramas, gap closing, video summarization, video compression, cylindrical coordinates, spherical coordinates, bundle adjustment, parallax removal, panorama recognition, direct alignment, feature-based alignment, compositing surface, pixel selection, pixel weighting, de-ghosting, photomontage, blending, radiometric response function, noise level estimation, vignetting, optical blur (spatial response) estimation, optical blur estimation, tone mapping, flash photography, color image demosaicing, colorization, blue screen matting, natural image matting, optimization-based matting, smoke matting, shadow matting, flash matting, video matting, hole filling, image inpainting, video inpainting, non-photorealistic rendering, rectification, plane sweep, 3-D curves, 3-D profiles, similarity measures, sub-pixel estimation, stereo-based head tracking, dynamic programming, segmentation-based global optimization, Z-keying, background replacement, volumetric reconstruction, 3-D surface reconstruction, shape from silhouettes, shape from shading, shape from photometric stereo, shape from texture, shape from focus, active rangefinding, range data merging, digital heritage, surface interpolation, surface simplification, geometry images, implicit surfaces, architecture, heads & faces, facial animation, whole body modeling, whole body tracking, bidirectional reflectance distribution function, BRDF, 3-D photography, view-dependent texture maps, photo tourism, impostors, sprites, layers, unstructured lumigraph, surface light fields, concentric mosaics, higher-dimensional light fields, modeling to rendering continuum, video-based animation, video textures, animating pictures, 3-D video, video-based walkthroughs, facial detection, pedestrian detection, eigenfaces, active appearance, 3-D shape models, personal photo collections, geometric alignment, location recognition, bag of words, part-based models, recognition with segmentation, intelligent photo editing, learning with large image collections, image search, linear algebra, numerical analysis, numerical methods, numerical computation, matrix decompositions, singular value decomposition, SVD, eigenvalue decomposition, QR factorization, Cholesky factorization, linear least squares, total least squares, nonlinear least squares, direct sparse matrix techniques},
	Publisher = {Springer-Verlag London},
	Series = {Texts in Computer Science},
	Title = {Computer Vision: Algorithms and Applications},
	Url = {http://dx.doi.org/10.1007/978-1-84882-935-0},
	Year = {2011},
	Annote = {Available online at: \url{http://szeliski.org/Book/drafts/SzeliskiBook_20100903_draft.pdf}; September 27, 2012 was the last accessed date





Other keywords: variable reordering, iterative sparse matrix techniques, conjugate gradient, preconditioning, multigrid, Bayesian modeling, inference, estimation theory, likelihood for multivariate Gaussian noise, maximum likelihood estimation, least squares, robust statistics, prior models, Bayesian inference, Markov random fields, gradient descent, simulated annealing, dynamic programming, belief propagation, graph cuts, linear programming, uncertainty estimation, error analysis},
	Bdsk-File-1 = {YnBsaXN0MDDUAQIDBAUGJCVYJHZlcnNpb25YJG9iamVjdHNZJGFyY2hpdmVyVCR0b3ASAAGGoKgHCBMUFRYaIVUkbnVsbNMJCgsMDxJXTlMua2V5c1pOUy5vYmplY3RzViRjbGFzc6INDoACgAOiEBGABIAFgAdccmVsYXRpdmVQYXRoWWFsaWFzRGF0YV8QRi4uL3JlZmVyZW5jZXMvU3plbGlza2kvQ29tcHV0ZXIgVmlzaW9uIEFsZ29yaXRobXMgYW5kIEFwcGxpY2F0aW9ucy5wZGbSFwsYGVdOUy5kYXRhTxECOgAAAAACOgACAAAMTWFjaW50b3NoIEhEAAAAAAAAAAAAAAAAAAAA0T81ikgrAAAAFOMKH0NvbXB1dGVyIFZpc2lvbiBBbGdvIzE0RTMwQi5wZGYAAAAAAAAAAAAAAAAAAAAAAAAAAAAAAAAAAAAAAAAAAAAU4wvMiHEMAAAAAAAAAAAAAQADAAAJIAAAAAAAAAAAAAAAAAAAAAhTemVsaXNraQAQAAgAANE/e9oAAAARAAgAAMyIt1wAAAABABgAFOMKABTMQgAUy+MAEDvzABA7bgAQO2kAAgBmTWFjaW50b3NoIEhEOlVzZXJzOgB6aGl5YW5nOgBEb2N1bWVudHM6AHJpY2VyY2E6AHJlZmVyZW5jZXM6AFN6ZWxpc2tpOgBDb21wdXRlciBWaXNpb24gQWxnbyMxNEUzMEIucGRmAA4AYAAvAEMAbwBtAHAAdQB0AGUAcgAgAFYAaQBzAGkAbwBuACAAQQBsAGcAbwByAGkAdABoAG0AcwAgAGEAbgBkACAAQQBwAHAAbABpAGMAYQB0AGkAbwBuAHMALgBwAGQAZgAPABoADABNAGEAYwBpAG4AdABvAHMAaAAgAEgARAASAGNVc2Vycy96aGl5YW5nL0RvY3VtZW50cy9yaWNlcmNhL3JlZmVyZW5jZXMvU3plbGlza2kvQ29tcHV0ZXIgVmlzaW9uIEFsZ29yaXRobXMgYW5kIEFwcGxpY2F0aW9ucy5wZGYAABMAAS8AABUAAgAO//8AAIAG0hscHR5aJGNsYXNzbmFtZVgkY2xhc3Nlc11OU011dGFibGVEYXRhox0fIFZOU0RhdGFYTlNPYmplY3TSGxwiI1xOU0RpY3Rpb25hcnmiIiBfEA9OU0tleWVkQXJjaGl2ZXLRJidUcm9vdIABAAgAEQAaACMALQAyADcAQABGAE0AVQBgAGcAagBsAG4AcQBzAHUAdwCEAI4A1wDcAOQDIgMkAykDNAM9A0sDTwNWA18DZANxA3QDhgOJA44AAAAAAAACAQAAAAAAAAAoAAAAAAAAAAAAAAAAAAADkA==},
	Bdsk-File-2 = {YnBsaXN0MDDUAQIDBAUGJCVYJHZlcnNpb25YJG9iamVjdHNZJGFyY2hpdmVyVCR0b3ASAAGGoKgHCBMUFRYaIVUkbnVsbNMJCgsMDxJXTlMua2V5c1pOUy5vYmplY3RzViRjbGFzc6INDoACgAOiEBGABIAFgAdccmVsYXRpdmVQYXRoWWFsaWFzRGF0YV8QRy4uL3JlZmVyZW5jZXMvU3plbGlza2kvQ29tcHV0ZXIgVmlzaW9uIEFsZ29yaXRobXMgYW5kIEFwcGxpY2F0aW9uczAucGRm0hcLGBlXTlMuZGF0YU8RAjwAAAAAAjwAAgAADE1hY2ludG9zaCBIRAAAAAAAAAAAAAAAAAAAANE/NYpIKwAAABTjCh9Db21wdXRlciBWaXNpb24gQWxnbyMxNEUzMEMucGRmAAAAAAAAAAAAAAAAAAAAAAAAAAAAAAAAAAAAAAAAAAAAFOMMzqBongAAAAAAAAAAAAEAAwAACSAAAAAAAAAAAAAAAAAAAAAIU3plbGlza2kAEAAIAADRP3vaAAAAEQAIAADOoLz+AAAAAQAYABTjCgAUzEIAFMvjABA78wAQO24AEDtpAAIAZk1hY2ludG9zaCBIRDpVc2VyczoAemhpeWFuZzoARG9jdW1lbnRzOgByaWNlcmNhOgByZWZlcmVuY2VzOgBTemVsaXNraToAQ29tcHV0ZXIgVmlzaW9uIEFsZ28jMTRFMzBDLnBkZgAOAGIAMABDAG8AbQBwAHUAdABlAHIAIABWAGkAcwBpAG8AbgAgAEEAbABnAG8AcgBpAHQAaABtAHMAIABhAG4AZAAgAEEAcABwAGwAaQBjAGEAdABpAG8AbgBzADAALgBwAGQAZgAPABoADABNAGEAYwBpAG4AdABvAHMAaAAgAEgARAASAGRVc2Vycy96aGl5YW5nL0RvY3VtZW50cy9yaWNlcmNhL3JlZmVyZW5jZXMvU3plbGlza2kvQ29tcHV0ZXIgVmlzaW9uIEFsZ29yaXRobXMgYW5kIEFwcGxpY2F0aW9uczAucGRmABMAAS8AABUAAgAO//8AAIAG0hscHR5aJGNsYXNzbmFtZVgkY2xhc3Nlc11OU011dGFibGVEYXRhox0fIFZOU0RhdGFYTlNPYmplY3TSGxwiI1xOU0RpY3Rpb25hcnmiIiBfEA9OU0tleWVkQXJjaGl2ZXLRJidUcm9vdIABAAgAEQAaACMALQAyADcAQABGAE0AVQBgAGcAagBsAG4AcQBzAHUAdwCEAI4A2ADdAOUDJQMnAywDNwNAA04DUgNZA2IDZwN0A3cDiQOMA5EAAAAAAAACAQAAAAAAAAAoAAAAAAAAAAAAAAAAAAADkw==},
	Bdsk-Url-1 = {http://szeliski.org/Book/},
	Bdsk-Url-2 = {http://dx.doi.org/10.1007/978-1-84882-935-0}}

























