

@techreport{TheRoyalSociety2004,
	Address = {London, {U.K.}},
	Author = {{The Royal Society}},
	Howpublished = {Available online at: \url{http://www.nanotec.org.uk/finalReport.htm}; June 15, 2012 was the last accessed date},
	Institution = {The Royal Society},
	Publisher = {The Royal Society},
	Title = {Nanoscience and Nanotechnologies: Opportunities and Uncertainties},
	Year = {2004}}