

@article{Goldreich2008a,
	Address = {Delft, {The Netherlands}},
	Author = {Goldreich, Oded},
	Journal = {Foundations and Trends$^{\textregistered}$\ in Theoretical Computer Science},
	Month = {August 8},
	Number = {1},
	Pages = {1--91},
	Publisher = {Now Publishers},
	Title = {Probabilistic Proof Systems: A Primer},
	Volume = {3},
	Year = {2008}}

@book{Thomas2002,
	Address = {New York, {NY}},
	Author = {Thomas, Donald and Moorby, Philip},
	Doi = {http://dx.doi.org/10.1007/978-0-387-85344-4},
	Edition = {Fifth},
	Publisher = {Springer Science+Business Media, {LCC}},
	Title = {The {Verilog}$^{\textregistered}$ Hardware Description Language},
	Year = {2002}}

@misc{DoulosLtd2014b,
	Address = {Ringwood, Hampshire, England, {U.K.}},
	Author = {{Doulos Ltd. staff}},
	Howpublished = {Available online from {\it Doulos Ltd.: KnowHow: {Tcl/Tk}} at: \url{https://www.doulos.com/knowhow/tcltk/}; March 15, 2014 was the last accessed date},
	Publisher = {Doulos Ltd.},
	Title = {{Tcl/Tk} for {EDA}},
	Year = {2014}}

@phdthesis{Gratz2008,
	Address = {Austin, {TX}},
	Author = {Gratz, Paul V.},
	Month = {December},
	School = {The University of Texas at Austin},
	Title = {{Network-On-Chip} Implementation and Performance Improvement Through Workload Characterization and Congestion Awareness},
	Year = {2008}}

@inproceedings{Kundert1998a,
	Address = {Piscataway, {NJ}},
	Author = {Kundert, Kenneth S.},
	Booktitle = {Proceedings of the {IEEE} {Bipolar/BiCMOS} Circuits and Technology Meeting ({BCTM})},
	Month = {September 27--29},
	Organization = {{IEEE} Electron Devices Society and {IEEE} Solid-State Circuits Society},
	Pages = {67--78},
	Publisher = {{IEEE} Press},
	Title = {Introduction to {RF} Simulation and its Application},
	Year = {1998}}

@booklet{Kundert1998,
	Address = {Minneapolis, {MN}},
	Author = {Kundert, Ken},
	Howpublished = {Available online as a set of presentation slides at the {Bipolar/BiCMOS} Circuits and Technology Meeting in Minneapolis, MN, September 27--29, 1998 from Kenneth S. Kundert's web page at: \url{http://www.kenkundert.com/docs/bctm98-MSsim.pdf}; self-published; February 1, 2014 was the last accessed date},
	Month = {September 27--29},
	Title = {Simulation of Analog and Mixed-Signal},
	Year = {1998}}

@manual{Christoffersen2007,
	Address = {Raleigh, {NC}},
	Author = {Christoffersen, Carlos and Kriplani, Nikhil and Hart, Frank P. and Kanj, Houssam S. and Steer, Michael},
	Howpublished = {Available online at: \url{http://www.freeda.org/doc/programmers_manual/freeda_programmers.pdf}; February 7, 2014 was the last accessed date},
	Month = {June 26},
	Organization = {North Carolina State University},
	Title = {{fREEDA}$^{\texttrademark}$ Programmer's Guide: Version 1.3},
	Year = {2007}}

@techreport{Keiter2014a,
	Address = {Albuquerque, {NM}},
	Author = {Keiter, Eric R. and Mei, Ting and Russo, Thomas V. and Pawlowski, Roger P. and Schiek, Richard L. and Coffey, Todd S. and Thornquist, Heidi K. and Verley, Jason C. and Warrender, Christina E. and Fixel, Deborah A. and Baur, David G.},
	Howpublished = {Available online at: \url{http://xyce.sandia.gov/downloads/_assets/documents/Reference_Guide.pdf}; February 1, 2014 was the last accessed date},
	Institution = {Sandia National Laboratories, Sandia Corporation},
	Month = {January},
	Number = {{SAND2014-0571}},
	Title = {{Xyce}$^{\texttrademark}$\ Parallel Electronic Simulator Reference Guide, Version 6.0.1},
	Year = {2014}}

@inbook{Gielen2006,
	Address = {Boca Raton, {FL}},
	Author = {Gielen, Georges G. E. and Phillips, Joel R.},
	Booktitle = {{EDA} for {IC} Implementation, Circuit Design, and Process Technology},
	Pages = {15-1 -- 15-23},
	Publisher = {{CRC} Press},
	Series = {Electronic Design Automation for Integrated Circuits Handbook},
	Title = {Simulation and Modeling for Analog and Mixed-Signal Integrated Circuits, {\rm in} {EDA} for {IC} Implementation, Circuit Design, and Process Technology},
	Volume = {2},
	Year = {2006},
	Annote = {Louis Scheffer and Grant Martin and Luciano Lavagno}}


@incollection{Kurshan2001,
	Address = {Norwell, {MA}},
	Author = {R. P. Kurshan},
	Booktitle = {Applied and Computational Control, Signals, and Circuits: Recent Developments},
	Chapter = {4},
	Doi = {http://dx.doi.org/10.1007/978-1-4615-1471-8_4},
	Pages = {145--179},
	Publisher = {Kluwer Academic Publishers},
	Series = {The Kluwer International Series in Engineering and Computer Science},
	Title = {Formal Verification of Circuit Designs},
	Url = {http://dx.doi.org/10.1007/978-1-4615-1471-8_4},
	Volume = {629},
	Year = {2001},


@proceedings{Saucier1995,
	Address = {Grenoble, France},
	Author = {Gabri{\`{e}}le Saucier and Anne Mignotte},
	Doi = {http://dx.doi.org/10.1007/978-0-387-34920-6},
	Month = {December},
	Publisher = {Chapman {\rm \&}\ Hall},
	Series = {{IFIP} Advances in Information and Communication Technology},
	Title = {Proceedings of the {IFIP} Workshop on Logic and Architecture Synthesis: State-of-the-art and novel approaches},
	Year = {1995},
	Annote = {When citing from this entry, shift the names of the authors from the author field to the editor field.},
